@misc{plano2021galaxy,
	author = {{Plano de Juego}},
	title = {La Melancólica Ambición de Mario Galaxy (RETROSPECTIVA) | PLANO DE
	         JUEGO},
	year = {2021},
	month = {marzo},
	day = {31},
	howpublished = {\url{https://www.youtube.com/watch?v=B-vCfVSvIjk}},
	note = {Consultado el 27 de agosto de 2024},
}

@misc{Dylan2021galaxy,
	author = {Dylan Wolfan},
	title = {Hablemos de Super Mario Galaxy (Análisis)},
	year = {2021},
	month = {enero},
	day = {24},
	howpublished = {\url{https://www.youtube.com/watch?v=7uDQLYJojzE}},
	note = {Consultado el 27 de agosto de 2024},
}


@misc{Wikipedia_Rosalina,
	author = {Wikipedia},
	title = {Rosalina (Mario)},
	year = {s.f.},
	howpublished = {\url{https://es.wikipedia.org/wiki/Rosalina_(Mario)}},
	note = {Consultado el 27 de agosto de 2024},
}

@misc{NintendoWiki_Rosalina,
	author = {{Nintendo Wiki}},
	title = {Rosalina},
	year = {s.f.},
	howpublished = {\url{https://nintendo.fandom.com/es/wiki/Rosalina}},
	note = {Consultado el 27 de agosto de 2024},
}

@misc{Wikipedia_Galaxy,
	author = {Wikipedia},
	title = {Super Mario Galaxy},
	year = {s.f.},
	howpublished = {\url{https://en.wikipedia.org/wiki/Super_Mario_Galaxy}},
	note = {Consultado el 27 de agosto de 2024},
}
