@misc{lab2024,
	title = {{Fitts's Law}},
	author = {Laws of UX},
	howpublished = {\url{https://lawsofux.com/fittss-law/}},
	year = {s.f.},
	note = {Consultado el 07 de octubre de 2024},
}

@article{fitts1954,
	author = {Fitts, Paul M.},
	title = {The Information Capacity of the Human Motor System in Controlling
	         the Amplitude of Movement},
	journal = {Journal of Experimental Psychology},
	year = {1954},
	volume = {47},
	number = {6},
	pages = {381-391},
	doi = {10.1037/h0055392},
	url = {https://doi.org/10.1037/h0055392},
}

@book{norman2013design,
	author = {Norman, Donald A.},
	title = {The Design of Everyday Things},
	year = {2013},
	publisher = {Basic Books},
	address = {New York},
	edition = {Revised and Expanded Edition},
	isbn = {978-0465050659},
}

@article{macKenzie1992,
	author = {MacKenzie, I. Scott},
	title = {Fitts' law as a research and design tool in human-computer
	         interaction},
	journal = {Human-Computer Interaction},
	year = {1992},
	volume = {7},
	number = {1},
	pages = {91-139},
	doi = {10.1207/s15327051hci0701_3},
	url = {https://doi.org/10.1207/s15327051hci0701_3},
}

@inbook{johnson2020designing,
	author = {Johnson, Jeff},
	title = {Designing with the Mind in Mind: Simple Guide to Understanding User
	         Interface Design Guidelines},
	chapter = {4},
	year = {2020},
	edition = {3rd},
	publisher = {Morgan Kaufmann},
	pages = {45-65},
	isbn = {978-0128182024},
}
