@misc{lab2024,
	title = {{Jakob's Law}},
	author = {Laws of UX},
	howpublished = {\url{https://lawsofux.com/jakobs-law/}},
	year = {s.f.},
	note = {Consultado el 07 de octubre de 2024},
}


@article{Nielsen1999,
	title = {Designing Web Usability: The Practice of Simplicity},
	author = {Jakob Nielsen},
	year = {1999},
	publisher = {New Riders Publishing},
	address = {Indianapolis, USA},
	url = {https://www.nngroup.com/books/designing-web-usability/},
	note = {Consultado el 07 de octubre de 2024},
}

@online{Nielsen_Law_of_Jakob,
	title = {Jakob's Law: Why Users Prefer Familiar Design Patterns},
	author = {Jakob Nielsen},
	year = {2000},
	url = {https://www.nngroup.com/articles/jakobs-law/},
	note = {Consultado el 07 de octubre de 2024},
}

@article{Yablonski2020,
	title = {Laws of UX: Jakob's Law},
	author = {Jon Yablonski},
	year = {2020},
	url = {https://lawsofux.com/jakobs-law},
	note = {Consultado el 07 de octubre de 2024},
}
