@misc{tps,
	author = {{Tutorials Point}},
	title = {{Assembly - Addressing Modes}},
	year = {s.f.},
	howpublished = {\url{
	                https://www.tutorialspoint.com/assembly_programming/assembly_addressing_modes.htm
	                }},
	note = {Consultado el 24 de septiembre de 2024},
}
