@book{Cruz2011softwareng,
	author = {Luis Cruz},
	title = {Ingeniería de Software},
	edition = {9th},
	editor = {Cruz Luis},
	year = {2011},
	publisher = {Pearson Education},
	address = {Estado de México, México},
	isbn = {978-607-32-0603-7},
	isbn_ebook = {978-607-32-0604-4},
	isbn_e-chapter = {978-607-32-0605-1},
}

@misc{Sarrah2021,
	title = {{Understanding Software Architecture: A Complete Guide}},
	author = {Sarrah Pitaliya},
	howpublished = {\url{
	                https://sarrahpitaliya.medium.com/understanding-software-architecture-a-complete-guide-cb8f05900603
	                }},
	year = {2021},
	month = {mayo},
	day = {27},
	note = {Consultado el 16 de octubre de 2024},
}

@misc{wilber2018,
	title = {{Los 10 patrones comunes de arquitectura de software}},
	author = {Wilber Ccori huaman},
	howpublished = {\url{
	                https://medium.com/@maniakhitoccori/los-10-patrones-comunes-de-arquitectura-de-software-d8b9047edf0b
	                }},
	year = {2018},
	month = {septiembre},
	day = {7},
	note = {Consultado el 16 de octubre de 2024},
}

@misc{sofka,
	title = {{Separation of concerns}},
	author = {sofka},
	howpublished = {\url{
	                https://sofka-practices.github.io/principios/base/separation_of_concerns/
	                }},
	year = {s.f.},
	note = {Consultado el 16 de octubre de 2024},
}
