@book{rogers2016guia,
	author = {David L. Rogers},
	title = {{Guía estratégica para la transformación digital: Reinventa tu
	         negocio para la era digital}},
	publisher = {Columbia Business School Publishing},
	year = {2016},
	address = {New York, NY},
	isbn = {978-0-231-17481-5},
	note = {Consultado el 28 de noviembre de 2024},
}

@book{name,
	author = {David L. Rogers},
	title = {The digital transformation book: Rethink your business for the
	         digital age},
	publisher = {Columbia Business School Publishing},
	address = {New York, NY},
	year = {2016},
	note = {Consultado el 28 de noviembre de 2024},
}
