@misc{lab2024,
	title = {Why do we prefer doing something to doing nothing?},
	author = {Pilat D., & Sekoul D.},
	howpublished = {\url{https://thedecisionlab.com/biases/action-bias}},
	year = {2024},
	month = {septiembre},
	day = {20},
	note = {Consultado el 20 de septiembre de 2024},
}
@misc{ppsychology2016,
	title = {12 Cognitive Biases Explained - How to Think Better and More
	         Logically Removing Bias},
	author = {Practical Psychology},
	howpublished = {\url{https://www.youtube.com/watch?v=wEwGBIr_RIw}},
	year = {2016},
	month = {diciembre},
	day = {16},
	note = {Consultado el 20 de septiembre de 2024},
}
