@misc{assembly_macros,
	title = {Assembly - Macros},
	author = {{Tutorials Point}},
	howpublished = {\url{
	                https://www.tutorialspoint.com/assembly_programming/assembly_macros.htm
	                }},
	year = {s.f.},
	note = {Consultado el 16 de noviembre de 2024},
}

@misc{geeks_bresenham,
	title = {{Bresenham's circle drawing algorithm}},
	author = {{Geeks for Geeks}},
	howpublished = {\url{
	                https://www.geeksforgeeks.org/bresenhams-circle-drawing-algorithm/
	                }},
	year = {2024},
	month = {octubre},
	day = {11},
	note = {Consultado el 16 de noviembre de 2024},
}

@misc{bitcoder_win32,
	author = {{Anónimo}},
	title = {{Win32 Programming in NASM – Part I}},
	howpublished = {\url{
	                https://bitcodersblog.wordpress.com/2017/05/10/win32-in-nasm-part-1/
	                }},
	year = {s.f.},
	note = {Consultado el 16 de noviembre de 2024},
}
