@book{Barry2006Intel,
	author = {Barry B. Brey},
	title = {Microprocesadores Intel},
	edition = {7ma},
	editor = {Prentice Hall / Pearson},
	year = {2006},
	isbn = {970260804X},
	isbn_13 = {978-9702608042},
}
