@book{Cruz2011softwareng,
	author = {Luis Cruz},
	title = {Ingeniería de Software},
	edition = {9th},
	editor = {Cruz Luis},
	year = {2011},
	publisher = {Pearson Education},
	address = {Estado de México, México},
	isbn = {978-607-32-0603-7},
	isbn_ebook = {978-607-32-0604-4},
	isbn_e-chapter = {978-607-32-0605-1},
}

@book{IEEE2014swebok,
	author = {IEEE Computer Society},
	title = {Guide to the Software Engineering Body of Knowledge},
	edition = {3th},
	editor = {Pierre Bourque y Richard Dick},
	year = {2014},
	publisher = {IEEE},
	isbn = {0-7695-5166-1},
	isbn13 = {978-0-7695-5166},
}
