@book{Cruz2011softwareng,
	author = {Luis Cruz},
	title = {Ingeniería de Software},
	edition = {9th},
	editor = {Cruz Luis},
	year = {2011},
	publisher = {Pearson Education},
	address = {Estado de México, México},
	isbn = {978-607-32-0603-7},
	isbn_ebook = {978-607-32-0604-4},
	isbn_e-chapter = {978-607-32-0605-1},
}

@book{IEEE2014swebok,
	author = {IEEE Computer Society},
	title = {Guide to the Software Engineering Body of Knowledge},
	edition = {3th},
	editor = {Pierre Bourque y Richard Dick},
	year = {2014},
	publisher = {IEEE},
	isbn = {0-7695-5166-1},
	isbn13 = {978-0-7695-5166},
}

@misc{iebs2023metodolgias,
	title = {Las metodologías ágiles más utilizadas y sus ventajas dentro de la
	         empresa},
	author = {Sandra Garrido},
	howpublished = {\url{
	                https://www.iebschool.com/blog/que-son-metodologias-agiles-agile-scrum/
	                }},
	year = {2023},
	month = {noviembre},
	day = {14},
	note = {Consultado el 22 de agosto de 2024},
}

@misc{RedHat2022,
	title = {Seguridad en el ciclo de vida de desarrollo del software},
	author = {RedHat},
	howpublished = {\url{
	                https://www.redhat.com/es/topics/security/software-development-lifecycle-security
	                }},
	year = {2022},
	month = {septiembre},
	day = {30},
	note = {Consultado el 22 de agosto de 2024},
}
@misc{synkSSSDLC,
	title = {Secure Software Development Lifecycle (SSDLC)},
	author = {Snyk},
	howpublished = {\url{https://snyk.io/learn/secure-sdlc/}},
	year = {s.f.},
	note = {Consultado el 22 de agosto de 2024},
}
