@book{rogers2016guia,
	author = {David L. Rogers},
	title = {{Guía Estratégica para la Transformación Digital: Cómo las Empresas
	         Pueden Prosperar en la Era Digital}},
	publisher = {Columbia Business School Publishing},
	year = {2016},
	address = {New York, NY},
	isbn = {978-0-231-17481-5},
	note = {Consultado el 15 de noviembre de 2024},
}
